@book{Lof72,
  title     = {The Theory of Types},
  author    = {Martin-L{\"o}f, P. and Sambin, G.},
  series    = {Studies in proof theory},
  year      = {1972}
}

@book{Lof84,
  title     = {Intuitionistic type theory},
  author    = {Martin-L{\"o}f, P. and Sambin, G.},
  series    = {Studies in proof theory},
  year      = {1984}
}

@INPROCEEDINGS{Hofmann96,
    author = {Martin Hofmann and Thomas Streicher},
    title = {The Groupoid Interpretation of Type Theory},
    booktitle = {In Venice Festschrift},
    year = {1996},
    pages = {83--111},
    publisher = {Oxford University Press}
}

@inproceedings{Mortberg17,
  author    = {Cyril Cohen and Thierry Coquand and Simon Huber and Anders M{\"{o}}rtberg},
  booktitle = {Cubical Type Theory: a constructive interpretation of the univalence axiom},
  journal   = {CoRR},
  volume    = {abs/1611.02108},
  year      = {2017}
}
